@book{book:numbertheory,
    author    = {冯克勤},
    publisher = {北京师范大学出版社},
    title     = {初等数论及应用},
    year      = {2003}
}

@misc{enwiki:1081507875,
    author = {{Wikipedia contributors}},
    title  = {Miller–Rabin primality test --- {Wikipedia}{,} The Free Encyclopedia},
    year   = {2022},
    url    = {https://en.wikipedia.org/w/index.php?title=Miller%E2%80%93Rabin_primality_test&oldid=1081507875},
    note   = {[Online; accessed 4-May-2022]}
}

@misc{oiwiki:prime,
    author    = {OI Wiki Team},
    title     = {素数 --- {OI Wiki}},
    year      = {2016},
    publisher = {GitHub},
    url       = {https://github.com/OI-wiki/OI-wiki/blob/781a8502088cf162958498d31f3813247ff771ce/docs/math/number-theory/prime.md},
    note      = {[Online; accessed 4-May-2022]}
}

@misc{oiwiki:seive,
    author    = {OI Wiki Team},
    title     = {筛法 --- {OI Wiki}},
    year      = {2016},
    publisher = {GitHub},
    url       = {https://github.com/OI-wiki/OI-wiki/blob/8569bf866714f9b44d96e049dad7c4dedd69477a/docs/math/number-theory/seive.md},
    note      = {[Online; accessed 4-May-2022]}
}

@article{paper:mrexpbounds,
    author  = {Eric Bach},
    journal = {Math. Comp.},
    title   = {Explicit bounds for primality testing and related problems},
    volume  = {55},
    pages   = {355-380},
    year    = {1990}
}
